@article{codalab_competitions,
    author = {Adrien Pavao and Isabelle Guyon and Anne-Catherine Letournel and Xavier Baró and 
              Hugo Escalante and Sergio Escalera and Tyler Thomas and Zhen Xu},
    title = {CodaLab Competitions: An open source platform to organize scientific challenges},
    url = {https://hal.inria.fr/hal-03629462v1},
    year = {2022},
    journal = {Technical report}
}
@inproceedings{barriere2023wassa,
  title={WASSA 2023 shared task: Predicting empathy, emotion and personality in interactions and reaction to news stories},
  author={Barriere, Valentin and Tafreshi, Shabnam and Sedoc, Jo{\~a}o and Giorgi, Salvatore},
  booktitle={Proceedings of the 13th Workshop on Computational Approaches to Subjectivity, Sentiment \& Social Media Analysis},
  year={2023}
}
@inproceedings{barriere2022wassa,
  title={WASSA 2022 shared task: Predicting empathy, emotion and personality in reaction to news stories},
  author={Barriere, Valentin and Tafreshi, Shabnam and Sedoc, Jo{\~a}o and Alqahtani, Sawsan},
  booktitle={Proceedings of the 12th Workshop on Computational Approaches to Subjectivity, Sentiment \& Social Media Analysis},
  pages={214--227},
  year={2022}
}
@inproceedings{tafreshi2021wassa,
  title={WASSA 2021 Shared Task: Predicting Empathy and Emotion in Reaction to News Stories},
  author={Tafreshi, Shabnam and De Clercq, Orphee and Barriere, Valentin and Buechel, Sven and Sedoc, Jo{\~a}o and Balahur, Alexandra},
  booktitle={Proceedings of the Eleventh Workshop on Computational Approaches to Subjectivity, Sentiment and Social Media Analysis},
  pages={92--104},
  year={2021}
}
@misc{liu2019roberta,
      title={RoBERTa: A Robustly Optimized BERT Pretraining Approach}, 
      author={Yinhan Liu and Myle Ott and Naman Goyal and Jingfei Du and Mandar Joshi and Danqi Chen and Omer Levy and Mike Lewis and Luke Zettlemoyer and Veselin Stoyanov},
      year={2019},
      eprint={1907.11692},
      archivePrefix={arXiv},
      primaryClass={cs.CL}
}
@misc{wolf2020huggingfaces,
      title={HuggingFace's Transformers: State-of-the-art Natural Language Processing}, 
      author={Thomas Wolf and Lysandre Debut and Victor Sanh and Julien Chaumond and Clement Delangue and Anthony Moi and Pierric Cistac and Tim Rault and Rémi Louf and Morgan Funtowicz and Joe Davison and Sam Shleifer and Patrick von Platen and Clara Ma and Yacine Jernite and Julien Plu and Canwen Xu and Teven Le Scao and Sylvain Gugger and Mariama Drame and Quentin Lhoest and Alexander M. Rush},
      year={2020},
      eprint={1910.03771},
      archivePrefix={arXiv},
      primaryClass={cs.CL}
}
@misc{devlin2019bert,
      title={BERT: Pre-training of Deep Bidirectional Transformers for Language Understanding}, 
      author={Jacob Devlin and Ming-Wei Chang and Kenton Lee and Kristina Toutanova},
      year={2019},
      eprint={1810.04805},
      archivePrefix={arXiv},
      primaryClass={cs.CL}
}
@misc{demszky2020goemotions,
      title={GoEmotions: A Dataset of Fine-Grained Emotions}, 
      author={Dorottya Demszky and Dana Movshovitz-Attias and Jeongwoo Ko and Alan Cowen and Gaurav Nemade and Sujith Ravi},
      year={2020},
      eprint={2005.00547},
      archivePrefix={arXiv},
      primaryClass={cs.CL}
}
@misc{sanh2020distilbert,
      title={DistilBERT, a distilled version of BERT: smaller, faster, cheaper and lighter}, 
      author={Victor Sanh and Lysandre Debut and Julien Chaumond and Thomas Wolf},
      year={2020},
      eprint={1910.01108},
      archivePrefix={arXiv},
      primaryClass={cs.CL}
}
@article{Ganaie_2022,
	doi = {10.1016/j.engappai.2022.105151},
  
	url = {https://doi.org/10.1016%2Fj.engappai.2022.105151},
  
	year = 2022,
	month = {oct},
  
	publisher = {Elsevier {BV}
},
  
	volume = {115},
  
	pages = {105151},
  
	author = {M.A. Ganaie and Minghui Hu and A.K. Malik and M. Tanveer and P.N. Suganthan},
  
	title = {Ensemble deep learning: A review},
  
	journal = {Engineering Applications of Artificial Intelligence}
}
@misc{izmailov2019averaging,
      title={Averaging Weights Leads to Wider Optima and Better Generalization}, 
      author={Pavel Izmailov and Dmitrii Podoprikhin and Timur Garipov and Dmitry Vetrov and Andrew Gordon Wilson},
      year={2019},
      eprint={1803.05407},
      archivePrefix={arXiv},
      primaryClass={cs.LG}
}
@article{omitaomu2022empathic, title={Empathic Conversations: A Multi-level Dataset of Contextualized Conversations}, author={Omitaomu, Damilola and Tafreshi, Shabnam and Liu, Tingting and Buechel, Sven and Callison-Burch, Chris and Eichstaedt, Johannes and Ungar, Lyle and Sedoc, Jo{~a}o}, journal={arXiv preprint arXiv:2205.12698}, year={2022} }