
@LanguageResource{kumar2024harmpot,
      title={HarmPot: An Annotation Framework for Evaluating Offline Harm Potential of Social Media Text}, 
      author={Ritesh Kumar and Ojaswee Bhalla and Madhu Vanthi and Shehlat Maknoon Wani and Siddharth Singh},
      year={2024},
      eprint={2403.11108},
      archivePrefix={arXiv},
      primaryClass={cs.CL}
}

