%%% ====================================================================
%%%  BibTeX-file{
%%%     author          = "David Rhead",
%%%     version         = "1.00",
%%%     date            = "17 Feb 1990",
%%%     time            = "17:00 GMT",
%%%     filename        = "test.bib",
%%%     address         = "Cripps Computing Centre,
%%%                        University of Nottingham,
%%%                        University Park,
%%%                        Nottingham,
%%%                        NG7 2RD,
%%%                        United Kingdom",
%%%     telephone       = "+44 602 484848 Ext 2670",
%%%     FAX             = "+44 602 588138",
%%%     checksum        = "05151 839 2908 25082",
%%%     email           = "David_Rhead at uk.ac.nott.vme (JANET)",
%%%     codetable       = "ISO/ASCII",
%%%     keywords        = "bibliography, citation, references",
%%%     supported       = "no",
%%%     docstring       = "This BibTeX database file contains entries
%%%                        designed for testing whether a BibTeX style
%%%                        file lays references out as recommended by
%%%                        certain authorities.  (Note, however, that
%%%                        the BS 1629 examples are from the 1976
%%%                        edition.  The file needs updating to use
%%%                        examples from the 1989 edition instead.)
%%%
%%%                        The checksum field above contains a CRC-16
%%%                        checksum as the first value, followed by the
%%%                        equivalent of the standard UNIX wc (word
%%%                        count) utility output of lines, words, and
%%%                        characters.  This is produced by Robert
%%%                        Solovay's checksum utility.",
%%%  }
%%% ====================================================================
%% @COMMENT{Some other standard works describing conventions for citations
%%      and bibliographies}

@misc{kumar2024harmpot,
      title={HarmPot: An Annotation Framework for Evaluating Offline Harm Potential of Social Media Text}, 
      author={Ritesh Kumar and Ojaswee Bhalla and Madhu Vanthi and Shehlat Maknoon Wani and Siddharth Singh},
      year={2024},
      eprint={2403.11108},
      archivePrefix={arXiv},
      primaryClass={cs.CL}
}

@misc{masud2023overview,
      title={Overview of the HASOC Subtrack at FIRE 2023: Identification of Tokens Contributing to Explicit Hate in English by Span Detection}, 
      author={Sarah Masud and Mohammad Aflah Khan and Md. Shad Akhtar and Tanmoy Chakraborty},
      year={2023},
      eprint={2311.09834},
      archivePrefix={arXiv},
      primaryClass={cs.CL}
}

@misc{ranasinghe2022overview,
      title={Overview of the HASOC Subtrack at FIRE 2022: Offensive Language Identification in Marathi}, 
      author={Tharindu Ranasinghe and Kai North and Damith Premasiri and Marcos Zampieri},
      year={2022},
      eprint={2211.10163},
      archivePrefix={arXiv},
      primaryClass={cs.CL}
}

@misc{mandl2021overview,
      title={Overview of the HASOC Subtrack at FIRE 2021: Hate Speech and Offensive Content Identification in English and Indo-Aryan Languages}, 
      author={Thomas Mandl and Sandip Modha and Gautam Kishore Shahi and Hiren Madhu and Shrey Satapara and Prasenjit Majumder and Johannes Schaefer and Tharindu Ranasinghe and Marcos Zampieri and Durgesh Nandini and Amit Kumar Jaiswal},
      year={2021},
      eprint={2112.09301},
      archivePrefix={arXiv},
      primaryClass={cs.CL}
}

@misc{mandla2021overview,
      title={Overview of the HASOC track at FIRE 2020: Hate Speech and Offensive Content Identification in Indo-European Languages}, 
      author={Thomas Mandla and Sandip Modha and Gautam Kishore Shahi and Amit Kumar Jaiswal and Durgesh Nandini and Daksh Patel and Prasenjit Majumder and Johannes Schäfer},
      year={2021},
      eprint={2108.05927},
      archivePrefix={arXiv},
      primaryClass={cs.CL}
}

@inproceedings{10.1145/3368567.3368584,
author = {Mandl, Thomas and Modha, Sandip and Majumder, Prasenjit and Patel, Daksh and Dave, Mohana and Mandlia, Chintak and Patel, Aditya},
title = {Overview of the HASOC track at FIRE 2019: Hate Speech and Offensive Content Identification in Indo-European Languages},
year = {2019},
isbn = {9781450377508},
publisher = {Association for Computing Machinery},
address = {New York, NY, USA},
}

@misc{uglow2019exploration,
      title={An Exploration of State-of-the-art Methods for Offensive Language Detection}, 
      author={Harrison Uglow and Martin Zlocha and Szymon Zmyślony},
      year={2019},
      eprint={1903.07445},
      archivePrefix={arXiv},
      primaryClass={cs.CL}
}

@inproceedings{kumar-etal-2022-comma,
    title = "The {C}om{MA} Dataset V0.2: Annotating Aggression and Bias in Multilingual Social Media Discourse",
    author = "Kumar, Ritesh  and
      Ratan, Shyam  and
      Singh, Siddharth  and
      Nandi, Enakshi  and
      Devi, Laishram Niranjana  and
      Bhagat, Akash  and
      Dawer, Yogesh  and
      Lahiri, Bornini  and
      Bansal, Akanksha  and
      Ojha, Atul Kr.",
    booktitle = "Proceedings of the Thirteenth Language Resources and Evaluation Conference",
    month = jun,
    year = "2022",
    address = "Marseille, France",
    publisher = "European Language Resources Association",
    url = "https://aclanthology.org/2022.lrec-1.441",
    pages = "4149--4161",
}

@misc{clark2020electra,
      title={ELECTRA: Pre-training Text Encoders as Discriminators Rather Than Generators}, 
      author={Kevin Clark and Minh-Thang Luong and Quoc V. Le and Christopher D. Manning},
      year={2020},
      eprint={2003.10555},
      archivePrefix={arXiv},
      primaryClass={cs.CL}
}

@misc{he2023debertav3,
      title={DeBERTaV3: Improving DeBERTa using ELECTRA-Style Pre-Training with Gradient-Disentangled Embedding Sharing}, 
      author={Pengcheng He and Jianfeng Gao and Weizhu Chen},
      year={2023},
      eprint={2111.09543},
      archivePrefix={arXiv},
      primaryClass={cs.CL}
}

@misc{conneau2020unsupervised,
      title={Unsupervised Cross-lingual Representation Learning at Scale}, 
      author={Alexis Conneau and Kartikay Khandelwal and Naman Goyal and Vishrav Chaudhary and Guillaume Wenzek and Francisco Guzmán and Edouard Grave and Myle Ott and Luke Zettlemoyer and Veselin Stoyanov},
      year={2020},
      eprint={1911.02116},
      archivePrefix={arXiv},
      primaryClass={cs.CL}
}

@misc{liu2019roberta,
      title={RoBERTa: A Robustly Optimized BERT Pretraining Approach}, 
      author={Yinhan Liu and Myle Ott and Naman Goyal and Jingfei Du and Mandar Joshi and Danqi Chen and Omer Levy and Mike Lewis and Luke Zettlemoyer and Veselin Stoyanov},
      year={2019},
      eprint={1907.11692},
      archivePrefix={arXiv},
      primaryClass={cs.CL}
}

@misc{lewis2019bart,
      title={BART: Denoising Sequence-to-Sequence Pre-training for Natural Language Generation, Translation, and Comprehension}, 
      author={Mike Lewis and Yinhan Liu and Naman Goyal and Marjan Ghazvininejad and Abdelrahman Mohamed and Omer Levy and Ves Stoyanov and Luke Zettlemoyer},
      year={2019},
      eprint={1910.13461},
      archivePrefix={arXiv},
      primaryClass={cs.CL}
}

@misc{kumar2018aggressionannotated,
      title={Aggression-annotated Corpus of Hindi-English Code-mixed Data}, 
      author={Ritesh Kumar and Aishwarya N. Reganti and Akshit Bhatia and Tushar Maheshwari},
      year={2018},
      eprint={1803.09402},
      archivePrefix={arXiv},
      primaryClass={cs.CL}
}

@misc{openai2024gpt4,
      title={GPT-4 Technical Report}, 
      author={OpenAI},
      year={2024},
      eprint={2303.08774},
      archivePrefix={arXiv},
      primaryClass={cs.CL}
}

@misc{brown2020language,
      title={Language Models are Few-Shot Learners}, 
      author={Tom B. Brown and Benjamin Mann and Nick Ryder and Melanie Subbiah and Jared Kaplan and Prafulla Dhariwal and Arvind Neelakantan and Pranav Shyam and Girish Sastry and Amanda Askell and Sandhini Agarwal and Ariel Herbert-Voss and Gretchen Krueger and Tom Henighan and Rewon Child and Aditya Ramesh and Daniel M. Ziegler and Jeffrey Wu and Clemens Winter and Christopher Hesse and Mark Chen and Eric Sigler and Mateusz Litwin and Scott Gray and Benjamin Chess and Jack Clark and Christopher Berner and Sam McCandlish and Alec Radford and Ilya Sutskever and Dario Amodei},
      year={2020},
      eprint={2005.14165},
      archivePrefix={arXiv},
      primaryClass={cs.CL}
}

@misc{jiang2023mistral,
      title={Mistral 7B}, 
      author={Albert Q. Jiang and Alexandre Sablayrolles and Arthur Mensch and Chris Bamford and Devendra Singh Chaplot and Diego de las Casas and Florian Bressand and Gianna Lengyel and Guillaume Lample and Lucile Saulnier and Lélio Renard Lavaud and Marie-Anne Lachaux and Pierre Stock and Teven Le Scao and Thibaut Lavril and Thomas Wang and Timothée Lacroix and William El Sayed},
      year={2023},
      eprint={2310.06825},
      archivePrefix={arXiv},
      primaryClass={cs.CL}
}

@misc{touvron2023llama,
      title={Llama 2: Open Foundation and Fine-Tuned Chat Models}, 
      author={Hugo Touvron and ...},
      year={2023},
      eprint={2307.09288},
      archivePrefix={arXiv},
      primaryClass={cs.CL}
}

@inproceedings{patkar-etal-2023-adityapatkar,
    title = "{A}ditya{P}atkar at {WASSA} 2023 Empathy, Emotion, and Personality Shared Task: {R}o{BERT}a-Based Emotion Classification of Essays, Improving Performance on Imbalanced Data",
    author = "Patkar, Aditya  and
      Chandrashekhar, Suraj  and
      Kadiyala, Ram Mohan Rao",
    booktitle = "Proceedings of the 13th Workshop on Computational Approaches to Subjectivity, Sentiment, {\&} Social Media Analysis",
    month = jul,
    year = "2023",
    address = "Toronto, Canada",
    publisher = "Association for Computational Linguistics",
    url = "https://aclanthology.org/2023.wassa-1.46",
    doi = "10.18653/v1/2023.wassa-1.46",
}